Bibliography 

 @Manual{citeR,
    title = {R: A Language and Environment for Statistical Computing},
    author = {{R Core Team}},
    organization = {R Foundation for Statistical Computing},
    address = {Vienna, Austria},
    year = {2022},
    url = {https://www.R-project.org/},
  }
  
  
  @Manual{knitr,
  title = {knitr: A General-Purpose Package for Dynamic Report Generation in R},
  author = {Yihui Xie},
  year = {2023},
  note = {R package version 1.42},
  url = {https://yihui.org/knitr/},
}

@Manual{janitor,
  title = {janitor: Simple Tools for Examining and Cleaning Dirty Data},
  author = {Sam Firke},
  year = {2021},
  note = {R package version 2.1.0},
  url = {https://github.com/sfirke/janitor},
}

@Article{tidyverse,
  title = {Welcome to the {tidyverse}},
  author = {Hadley Wickham and Mara Averick and Jennifer Bryan and Winston Chang and Lucy D'Agostino McGowan and Romain François and Garrett Grolemund and Alex Hayes and Lionel Henry and Jim Hester and Max Kuhn and Thomas Lin Pedersen and Evan Miller and Stephan Milton Bache and Kirill Müller and Jeroen Ooms and David Robinson and Dana Paige Seidel and Vitalie Spinu and Kohske Takahashi and Davis Vaughan and Claus Wilke and Kara Woo and Hiroaki Yutani},
  year = {2019},
  journal = {Journal of Open Source Software},
  volume = {4},
  number = {43},
  pages = {1686},
  doi = {10.21105/joss.01686},
}

@Manual{here,
  title = {here: A Simpler Way to Find Your Files},
  author = {Kirill Müller},
  year = {2020},
  note = {https://here.r-lib.org/, https://github.com/r-lib/here},
}

@Manual{dplyr,
  title = {dplyr: A Grammar of Data Manipulation},
  author = {Hadley Wickham and Romain François and Lionel Henry and Kirill Müller and Davis Vaughan},
  year = {2023},
  note = {https://dplyr.tidyverse.org, https://github.com/tidyverse/dplyr},
}

@Book{ggplot2,
  author = {Hadley Wickham},
  title = {ggplot2: Elegant Graphics for Data Analysis},
  publisher = {Springer-Verlag New York},
  year = {2016},
  isbn = {978-3-319-24277-4},
  url = {https://ggplot2.tidyverse.org},
}

@Manual{kableExtra,
  title = {kableExtra: Construct Complex Table with 'kable' and Pipe Syntax},
  author = {Hao Zhu},
  year = {2021},
  note = {http://haozhu233.github.io/kableExtra/,
https://github.com/haozhu233/kableExtra},
}


@Manual{pudding,
  title = {BEAUTY BRAWL},
  author = {Jason Li, Amber Thomas, Divya Manian},
  year = {2018},
  note = {https://pudding.cool/2018/06/makeup-shades/},
}

@Manual{loreal,
  title = {Skin Color Types and Indian Skin Characteristics},
  author = {Stephanie Nouveau, Frederic Flament},
  year = {2014},
  note = {https://www.researchgate.net/publication/321323132_Skin_Color_Types_and_Indian_Skin_Characteristics},
}

@Manual{japan,
  title = {colourism and the politics of beauty},
  author = {Aisha Phoenix},
  year = {2014},
  note = {https://www.jstor.org/stable/24571924?searchText=colorism+in+japan&searchUri=%2Faction%2FdoBasicSearch%3FQuery%3Dcolorism%2Bin%2Bjapan&ab_segments=0%2Fbasic_search_gsv2%2Fcontrol&refreqid=fastly-default%3A4d56fa88e6aa0a79afde11a925699b21&seq=6},
}

@Manual{india,
  title = {Racialized Casteism: Exposing the Relationship Between Race, Caste, and Colorism Through the Experiences of Africana People in India and Sri Lanka
},
  author = {Sureshi M. Jayawardene},
  year = {2016},
  note = {https://www.jstor.org/stable/44508183?searchText=colorism+in+india&searchUri=%2Faction%2FdoBasicSearch%3FQuery%3Dcolorism%2Bin%2Bindia&ab_segments=0%2Fbasic_search_gsv2%2Fcontrol&refreqid=fastly-default%3A09ee9585ab0efebd8070a144d0eab786},
}

@Manual{adobe,
  title = {Lab Color mode},
  author = {Adobe},
  year = {2022},
  note = {https://helpx.adobe.com/photoshop/using/color-modes.html#lab_color_mode},
}

@Manual{broom,
  title = {broom: Convert Statistical Objects into Tidy Tibbles
},
  author = {R package version 0.7.11},
  year = {2021},
  note = {https://cran.r-project.org/web/packages/broom/index.html},
}


